@misc{gitrepo,
  author = {Lin, Kevin and Yang, Huei-Fang and Hsiao, Jen-Hao and Chen, Chu-Song},
  title = "{Deep Learning of Binary Hash Codes for Fast Image Retrieval}",
  howpublished = {\url{https://github.com/kevinlin311tw/caffe-cvprw15}},
}

@inproceedings{lin2015deep,
  title={Deep learning of binary hash codes for fast image retrieval},
  author={Lin, Kevin and Yang, Huei-Fang and Hsiao, Jen-Hao and Chen, Chu-Song},
  booktitle={Proceedings of the IEEE Conference on Computer Vision and Pattern Recognition Workshops},
  pages={27--35},
  year={2015}
}

@article{zhu2014averageexplorer,
  title={Averageexplorer: Interactive exploration and alignment of visual data collections},
  author={Zhu, Jun-Yan and Lee, Yong Jae and Efros, Alexei A},
  journal={ACM Transactions on Graphics (TOG)},
  volume={33},
  number={4},
  pages={160},
  year={2014},
  publisher={ACM}
}

@inproceedings{torralba2008small,
  title={Small codes and large image databases for recognition},
  author={Torralba, Antonio and Fergus, Rob and Weiss, Yair},
  booktitle={Computer Vision and Pattern Recognition, 2008. CVPR 2008. IEEE Conference on},
  pages={1--8},
  year={2008},
  organization={IEEE}
}

@inproceedings{krizhevsky2011using,
  title={Using very deep autoencoders for content-based image retrieval.},
  author={Krizhevsky, Alex and Hinton, Geoffrey E},
  booktitle={ESANN},
  year={2011}
}

@article{gordo2016deep,
  title={Deep Image Retrieval: Learning global representations for image search},
  author={Gordo, Albert and Almazan, Jon and Revaud, Jerome and Larlus, Diane},
  journal={arXiv preprint arXiv:1604.01325},
  year={2016}
}

@inproceedings{norouzi2012fast,
  title={Fast search in hamming space with multi-index hashing},
  author={Norouzi, Mohammad and Punjani, Ali and Fleet, David J},
  booktitle={Computer Vision and Pattern Recognition (CVPR), 2012 IEEE Conference on},
  pages={3108--3115},
  year={2012},
  organization={IEEE}
}

@article{muja2009fast,
  title={Fast Approximate Nearest Neighbors with Automatic Algorithm Configuration.},
  author={Muja, Marius and Lowe, David G},
  journal={VISAPP (1)},
  volume={2},
  number={331-340},
  pages={2},
  year={2009}
}

@inproceedings{yu2015content,
  title={Content-based video search over 1 million videos with 1 core in 1 second},
  author={Yu, Shoou-I and Jiang, Lu and Xu, Zhongwen and Yang, Yi and Hauptmann, Alexander G},
  booktitle={Proceedings of the 5th ACM on International Conference on Multimedia Retrieval},
  pages={419--426},
  year={2015},
  organization={ACM}
}

@article{lv2006ferret,
  title={Ferret: a toolkit for content-based similarity search of feature-rich data},
  author={Lv, Qin and Josephson, William and Wang, Zhe and Charikar, Moses and Li, Kai},
  journal={ACM SIGOPS Operating Systems Review},
  volume={40},
  number={4},
  pages={317--330},
  year={2006},
  publisher={ACM}
}

@inproceedings{wang2006vferret,
  title={VFerret: content-based similarity search tool for continuous archived video},
  author={Wang, Zhe and Hoffman, Matthew D and Cook, Perry R and Li, Kai},
  booktitle={Proceedings of the 3rd ACM workshop on Continuous archival and retrival of personal experences},
  pages={19--26},
  year={2006},
  organization={ACM}
}

@inproceedings{zhu2016generative,
  title={Generative Visual Manipulation on the Natural Image Manifold},
  author={Zhu, Jun-Yan and Kr{\"a}henb{\"u}hl, Philipp and Shechtman, Eli and Efros, Alexei A},
  booktitle={European Conference on Computer Vision},
  pages={597--613},
  year={2016},
  organization={Springer}
}

@inproceedings{ginosar2015century,
  title={A century of portraits: A visual historical record of american high school yearbooks},
  author={Ginosar, Shiry and Rakelly, Kate and Sachs, Sarah and Yin, Brian and Efros, Alexei A},
  booktitle={Proceedings of the IEEE International Conference on Computer Vision Workshops},
  pages={1--7},
  year={2015}
}

@inproceedings{krizhevsky2012imagenet,
  title={Imagenet classification with deep convolutional neural networks},
  author={Krizhevsky, Alex and Sutskever, Ilya and Hinton, Geoffrey E},
  booktitle={Advances in neural information processing systems},
  pages={1097--1105},
  year={2012}
}

@inproceedings{babenko2014neural,
  title={Neural codes for image retrieval},
  author={Babenko, Artem and Slesarev, Anton and Chigorin, Alexandr and Lempitsky, Victor},
  booktitle={European Conference on Computer Vision},
  pages={584--599},
  year={2014},
  organization={Springer}
}

@inproceedings{gionis1999similarity,
  title={Similarity search in high dimensions via hashing},
  author={Gionis, Aristides and Indyk, Piotr and Motwani, Rajeev and others},
  booktitle={VLDB},
  volume={99},
  number={6},
  pages={518--529},
  year={1999}
}

@inproceedings{weiss2009spectral,
  title={Spectral hashing},
  author={Weiss, Yair and Torralba, Antonio and Fergus, Rob},
  booktitle={Advances in neural information processing systems},
  pages={1753--1760},
  year={2009}
}

@inproceedings{liu2012supervised,
  title={Supervised hashing with kernels},
  author={Liu, Wei and Wang, Jun and Ji, Rongrong and Jiang, Yu-Gang and Chang, Shih-Fu},
  booktitle={Computer Vision and Pattern Recognition (CVPR), 2012 IEEE Conference on},
  pages={2074--2081},
  year={2012},
  organization={IEEE}
}

@inproceedings{norouzi2011minimal,
  title={Minimal loss hashing for compact binary codes},
  author={Norouzi, Mohammad and Blei, David M},
  booktitle={Proceedings of the 28th international conference on machine learning (ICML-11)},
  pages={353--360},
  year={2011}
}

@inproceedings{kulis2009learning,
  title={Learning to hash with binary reconstructive embeddings},
  author={Kulis, Brian and Darrell, Trevor},
  booktitle={Advances in neural information processing systems},
  pages={1042--1050},
  year={2009}
}

@inproceedings{xia2014supervised,
  title={Supervised Hashing for Image Retrieval via Image Representation Learning.},
  author={Xia, Rongkai and Pan, Yan and Lai, Hanjiang and Liu, Cong and Yan, Shuicheng},
  booktitle={AAAI},
  volume={1},
  pages={2},
  year={2014}
}
@article{abadi2016tensorflow,
    title={Tensorflow: Large-scale machine learning on heterogeneous distributed systems},
    author={Abadi, Mart{\i}n and Agarwal, Ashish and Barham, Paul and Brevdo, Eugene and Chen, Zhifeng and Citro, Craig and Corrado, Greg S and Davis, Andy and Dean, Jeffrey and Devin, Matthieu and others},
    journal={arXiv preprint arXiv:1603.04467},
    year={2016}
}
@inproceedings{szegedy2015going,
    title={Going deeper with convolutions},
    author={Szegedy, Christian and Liu, Wei and Jia, Yangqing and Sermanet, Pierre and Reed, Scott and Anguelov, Dragomir and Erhan, Dumitru and Vanhoucke, Vincent and Rabinovich, Andrew},
    booktitle={Proceedings of the IEEE Conference on Computer Vision and Pattern Recognition},
    pages={1--9},
    year={2015}
}
@misc{jones2001open,
    title={Open source scientific tools for Python},
    author={Jones, Eric and Oliphant, Travis and Peterson, P and others},
    year={2001},
    publisher={Scipy}
}
@misc{coleman2015discover,
    title={Discover Meteor: Building Real-Time Javascript Web Apps},
    author={Coleman, Tom and Greif, Sacha},
    year={2015},
    publisher={Version}
}
