@misc{gitrepo,
  author = {Lin, Kevin and Yang, Huei-Fang and Hsiao, Jen-Hao and Chen, Chu-Song},
  title = "{Deep Learning of Binary Hash Codes for Fast Image Retrieval}",
  howpublished = {\url{https://github.com/kevinlin311tw/caffe-cvprw15}},
}

@inproceedings{lin2015deep,
  title={Deep learning of binary hash codes for fast image retrieval},
  author={Lin, Kevin and Yang, Huei-Fang and Hsiao, Jen-Hao and Chen, Chu-Song},
  booktitle={Proceedings of the IEEE Conference on Computer Vision and Pattern Recognition Workshops},
  pages={27--35},
  year={2015}
}

@article{zhu2014averageexplorer,
  title={Averageexplorer: Interactive exploration and alignment of visual data collections},
  author={Zhu, Jun-Yan and Lee, Yong Jae and Efros, Alexei A},
  journal={ACM Transactions on Graphics (TOG)},
  volume={33},
  number={4},
  pages={160},
  year={2014},
  publisher={ACM}
}

@inproceedings{torralba2008small,
  title={Small codes and large image databases for recognition},
  author={Torralba, Antonio and Fergus, Rob and Weiss, Yair},
  booktitle={Computer Vision and Pattern Recognition, 2008. CVPR 2008. IEEE Conference on},
  pages={1--8},
  year={2008},
  organization={IEEE}
}

@inproceedings{krizhevsky2011using,
  title={Using very deep autoencoders for content-based image retrieval.},
  author={Krizhevsky, Alex and Hinton, Geoffrey E},
  booktitle={ESANN},
  year={2011}
}

@article{gordo2016deep,
  title={Deep Image Retrieval: Learning global representations for image search},
  author={Gordo, Albert and Almazan, Jon and Revaud, Jerome and Larlus, Diane},
  journal={arXiv preprint arXiv:1604.01325},
  year={2016}
}

@inproceedings{norouzi2012fast,
  title={Fast search in hamming space with multi-index hashing},
  author={Norouzi, Mohammad and Punjani, Ali and Fleet, David J},
  booktitle={Computer Vision and Pattern Recognition (CVPR), 2012 IEEE Conference on},
  pages={3108--3115},
  year={2012},
  organization={IEEE}
}

@article{muja2009fast,
  title={Fast Approximate Nearest Neighbors with Automatic Algorithm Configuration.},
  author={Muja, Marius and Lowe, David G},
  journal={VISAPP (1)},
  volume={2},
  number={331-340},
  pages={2},
  year={2009}
}

@inproceedings{yu2015content,
  title={Content-based video search over 1 million videos with 1 core in 1 second},
  author={Yu, Shoou-I and Jiang, Lu and Xu, Zhongwen and Yang, Yi and Hauptmann, Alexander G},
  booktitle={Proceedings of the 5th ACM on International Conference on Multimedia Retrieval},
  pages={419--426},
  year={2015},
  organization={ACM}
}

@article{lv2006ferret,
  title={Ferret: a toolkit for content-based similarity search of feature-rich data},
  author={Lv, Qin and Josephson, William and Wang, Zhe and Charikar, Moses and Li, Kai},
  journal={ACM SIGOPS Operating Systems Review},
  volume={40},
  number={4},
  pages={317--330},
  year={2006},
  publisher={ACM}
}

@inproceedings{wang2006vferret,
  title={VFerret: content-based similarity search tool for continuous archived video},
  author={Wang, Zhe and Hoffman, Matthew D and Cook, Perry R and Li, Kai},
  booktitle={Proceedings of the 3rd ACM workshop on Continuous archival and retrival of personal experences},
  pages={19--26},
  year={2006},
  organization={ACM}
}

@inproceedings{zhu2016generative,
  title={Generative Visual Manipulation on the Natural Image Manifold},
  author={Zhu, Jun-Yan and Kr{\"a}henb{\"u}hl, Philipp and Shechtman, Eli and Efros, Alexei A},
  booktitle={European Conference on Computer Vision},
  pages={597--613},
  year={2016},
  organization={Springer}
}

@inproceedings{ginosar2015century,
  title={A century of portraits: A visual historical record of american high school yearbooks},
  author={Ginosar, Shiry and Rakelly, Kate and Sachs, Sarah and Yin, Brian and Efros, Alexei A},
  booktitle={Proceedings of the IEEE International Conference on Computer Vision Workshops},
  pages={1--7},
  year={2015}
}